

@book{Hastie/etal:2009,
  title={The Elements of Statistical Learning: Data mining, Inference, and Prediction},
  author={Hastie, Trevor and Tibshirani, Robert and Friedman, Jerome},
  year={2009},
  edition={2nd},
  publisher={Springer},
  address={New York}
}

@Manual{pack:latex:neuralnetwork,
	title={neuralnetwork – Graph-drawing for neural networks},
	author={Cowan, Mark K.},
	year= 2013,
	url={https://github.com/battlesnake/neural},
	language={english}}
	
@book{james2013introduction,
  title={An introduction to statistical learning},
  author={James, Gareth and Witten, Daniela and Hastie, Trevor and Tibshirani, Robert},
  volume={112},
  year={2013},
  publisher={Springer}
}
@book{Goodfellow-et-al-2016,
    title={Deep Learning},
    author={Ian Goodfellow and Yoshua Bengio and Aaron Courville},
    publisher={MIT Press},
    note={\url{http://www.deeplearningbook.org}},
    year={2016}
}


@article{wuthrich2019data,
  title={Data analytics for non-life insurance pricing},
  author={Wuthrich, Mario V and Buser, Christoph},
  journal={Swiss Finance Institute Research Paper},
  number={16-68},
  year={2019}
}


@book{molnar2019,
  title      = {Interpretable Machine Learning},
  author     = {Christoph Molnar},
  note       = {\url{https://christophm.github.io/interpretable-ml-book/}},
  year       = {2019},
  subtitle   = {A Guide for Making Black Box Models Explainable}
}


@misc { 3blue1brown ,
author = " Grant Sanderson " ,
title = " 3Blue1Brown" ,
url = "\ url {https://www.youtube.com/channel/UCYO_jab_esuFRV4b17AJtAw/featured}" ,
note = "[ En-ligne ; consulté 23 - Mars -2020]"
}

@book{nielsen2015neural,
  title={Neural networks and deep learning},
  author={Nielsen, Michael A},
  volume={2018},
  year={2015},
  publisher={Determination press San Francisco, CA, USA:}
}